@unpublished{Niklaus_Skript,
author={Peter, Niklaus},
title={Allgemeine {E}lektrotechnik},
school={Fachhochschule Nordwestschweiz},
year={2009},
note={unpublished thesis}
}

@unpublished{eetgl_skript,
author={Wiederkehr, Martin and Schulz, Nicola and Jenni, Felix},
title={Elektrische {Energietechnik} {Grundlagen}},
school={Fachhochschule Nordwestschweiz},
year={2017},
note={unpublished thesis}
}

@unpublished{ant_skript,
author={Schleuniger, Pascal},
title={Analogtechnik},
school={Fachhochschule Nordwestschweiz},
year={2017},
note={unpublished thesis}
}

@unpublished{mc1_skript,
author={Meier, Matthias},
title={Mikrocontroller 1},
school={Fachhochschule Nordwestschweiz},
year={2017},
note={unpublished thesis}
}

@unpublished{dt1_skript,
author={{Meier}, {Matthias}},
title={Digitaltechnik 1},
school={Fachhochschule Nordwestschweiz},
year={2016},
note={unpublished thesis}
}

@MISC{INA_128,
  AUTHOR       = "Texas Instruments",
  TITLE        = "INA128, INA129",
  YEAR         = "1995, revised 2015",
  HOWPUBLISHED = "Website",
  NOTE         = "Online erh√§ltlich unter
                  \url{http://www.ti.com/lit/ds/symlink/ina129.pdf};
                  abgerufen am 10. November 2017."
}

